<?xml version="1.0" encoding="UTF-8"?><collection xmlns="http://www.loc.gov/MARC21/slim"><record><leader>00401nam--2200145-i-4500</leader><controlfield tag="001">000003541</controlfield><controlfield tag="002">20161230</controlfield><controlfield tag="005">20170224010633</controlfield><controlfield tag="008">060222s1000------------r-----000-0-eng-d</controlfield><datafield ind1=" " ind2=" " tag="100"><subfield code="a">Crasovschi, N. P</subfield></datafield><datafield ind1=" " ind2=" " tag="245"><subfield code="a">Chimie analitica. Analiza cantitativa. Traducere din limba rusa</subfield></datafield><datafield ind1=" " ind2=" " tag="260"><subfield code="a">Bucuresti</subfield><subfield code="b">Editura Tehnica</subfield><subfield code="c">1952</subfield></datafield><datafield ind1=" " ind2=" " tag="300"><subfield code="a">388 p</subfield></datafield><datafield ind1=" " ind2=" " tag="852"><subfield code="a">543.062=03.82</subfield></datafield><datafield ind1=" " ind2=" " tag="CAT"><subfield code="a">SYS</subfield><subfield code="c">20170224</subfield><subfield code="h">010633</subfield></datafield></record></collection>